%% This BibTeX bibliography file was created using BibDesk.
%% http://bibdesk.sourceforge.net/


%% Created for Ian Besse at 2014-09-29 15:50:27 -0700 


%% Saved with string encoding Unicode (UTF-8) 



@phdthesis{Besse2007,
	Author = {Ian Besse},
	Date-Added = {2016-10-21 22:11:03 +0000},
	Date-Modified = {2016-10-21 22:54:10 +0000},
	School = {University of Iowa},
	Title = {Modeling caveolar sodium current contributions to cardiac electrophysiology and arrhythmogenesis},
	Chapter = {1},
	Year = {2010}}
	
@phdthesis{Besse2011,
	Author = {Ian Besse, Colleen Mitchell, Thomas Hund, Erwin Shibata},
	Date-Added = {2016-10-21 22:11:03 +0000},
	Date-Modified = {2016-10-21 22:54:10 +0000},
	School = {University of Iowa},
	Title = {A computational investigation of cardiac caveolae as a source of persistent sodium current},
	Chapter = {},
	Year = {2011}}
	
@phdthesis{Zhu2015,
	Author = {Chenhong Zhu},
	Date-Added = {2016-10-21 22:11:03 +0000},
	Date-Modified = {2016-10-21 22:54:10 +0000},
	School = {University of Iowa},
	Title = {New insight into models of cardiac caveolae and arrhythmia},
	Chapter = {1},
	Year = {2015}}
	
@phdthesis{Barb06,
	Author = {Andrea Barbuti, Benedetta Terragni, Chiara Brioschi, Dario DiFrancesco},
	Date-Added = {2016-10-21 22:11:03 +0000},
	Date-Modified = {2016-10-21 22:54:10 +0000},
	School = {University of Milano},
	Title = {Localization of f-channels to caveolae mediates specific beta2-adrenergic receptor modulation of rate in sinoatrial myocytes},
	Chapter = {1},
	Year = {2006}}
	
@phdthesis{Kcond,
	Author = {G de Bruin, I Guy, R.J. Van Den Berg},
	Date-Added = {2016-10-21 22:11:03 +0000},
	Date-Modified = {2016-10-21 22:54:10 +0000},
	School = {},
	Title = {Single potassium channel conductance in the frog node of Ranvier},
	Chapter = {},
	Year = {1984}}
	
@ARTICLE{Yanaghara1980,
	author  = {Kaoru Yanaghara, Akinori Noma, and Hiroshi Irisawa}, 
	title   = {Reconstruction of Sino-atrial Node Pacemaker Potential Based on the Voltage Clamp Experiments}, 
	journal = {Japanese Journal of Physiology}, 
	year    = {1980},
	volume  = {30}, 
	pages   = {841-857}}
	
@ARTICLE{Ronald2007,
	author  = {Ronald Wilders}, 
	title   = {Computer modelling of the sinoatrial node}, 
	journal = {Medical & Biological Engineering & computing}, 
	year    = {2007},
	volume  = {45}, 
	pages   = {189-207}}
	
@book{Sneyd2016,
	Author = {Keener Sneyd},
	Date-Added = {2016-10-21 22:07:13 +0000},
	Date-Modified = {2016-10-21 22:10:23 +0000},
	Month = {November},
	Publisher = {Keener Sneyd},
	Title = {Math Physiology},
	Chapter = {4},
	Year = {2016}}
	
@webpage{CellML,
    title  = {CellML model repository. Bioinformatics. 2008},
    author = {Llyoyd, C.M., Lawson, J.L., Hunter}}
    
    @inpress{CellMemPhoto,
	author  = {J.P. Cartailler}, 
	title   = {Stop, Go, and.. Not so fast},
	journal = {Syummation LLC}, 
	note    = {Copyright 2007} 
}

@webpage{ActPotImage,
	title  = {The Action Potential},
	url = {http://philschatz.com/anatomy-book/contents/m46526.html}
}

@webpage{ElecticMem,
	title  = {Cell Membrane},
	url = {https://en.wikipedia.org/wiki/Cell_membrane}
}
	
@webpage{ForcesOnIons,
	title  = {Cell Membrane Transport},
	url = {http://droualb.faculty.mjc.edu/Course%20Materials/Physiology%20101/Chapter%20Notes/Fall%202011/chapter_4_Fall%202011.htm}
}

@webpage{ActionPoten2,
	title  = {Cardiac Actionn Potential},
	url = {http://www.emergencymedicalparamedic.com/cardiac-action-potential/}
}
