% bmc_article.bib
% 
%  An example of bibtex entries.
%  Entries taken from BMC instructions for authors page.


@article{Major,
	author  = {LYDIA GARCIA-CUETOS, OJVIND MOESTRUP and PER J. HANSEN}, 
	title   = {Studies on the Genus Mesodinium II. Ultrastructural and Molecular Investigations
of Five Marine Species Help Clarifying the Taxonomy},
	journal = {Journal of Eukaryotic Microbiology}, 
	year  = {2012},
	  month = {}, 
	  volume= {59}, 
	  number= {4}, 
	  pages = {373-400},
	  note  = {} 
}	
@article{Major2,
	author  = {LYDIA GARCIA-CUETOS, OJVIND MOESTRUP and PER J. HANSEN}, 
	title   = {Studies on the Genus Mesodinium II. Ultrastructural and Molecular Investigations
of Five Marine Species Help Clarifying the Taxonomy},
	journal = {Journal of Eukaryotic Microbiology}, 
	year  = {2012},
	  month = {}, 
	  volume= {59}, 
	  number= {4}, 
	  pages = {373-400},
	  note  = {} 
}	


@article{Major3,
	author  = {LYDIA GARCIA-CUETOS, OJVIND MOESTRUP and PER J. HANSEN}, 
	title   = {Studies on the Genus Mesodinium II. Ultrastructural and Molecular Investigations
of Five Marine Species Help Clarifying the Taxonomy},
	journal = {Journal of Eukaryotic Microbiology}, 
	year  = {2012},
	  month = {}, 
	  volume= {59}, 
	  number= {4}, 
	  pages = {373-400},
	  note  = {} 
}	


@article{Major4,
	author  = {LYDIA GARCIA-CUETOS, OJVIND MOESTRUP and PER J. HANSEN}, 
	title   = {Studies on the Genus Mesodinium II. Ultrastructural and Molecular Investigations
of Five Marine Species Help Clarifying the Taxonomy},
	journal = {Journal of Eukaryotic Microbiology}, 
	year  = {2012},
	  month = {}, 
	  volume= {59}, 
	  number= {4}, 
	  pages = {373-400},
	  note  = {} 
}	


% Article within a journal
@ARTICLE{koon,
	author  = {Koonin, E V and Altschul, S F and P Bork}, 
	title   = {BRCA1 protein products: functional motifs}, 
	journal = {Nat Genet}, 
	year    = {1996},
	volume  = {13}, 
	pages   = {266-267}
}	

% Article within a journal supplement
@ARTICLE{oreg,
	author  = {Orengo, C A and Bray, J E and Hubbard, 
		   T and LoConte, L and Sillitoe, I}, 
	title   = {Analysis and assessment of ab initio 
		   three-dimensional prediction, secondary 
		   structure, and contacts prediction},
	journal = {Proteins}, 
	year    = {1999},
	volume  = {Suppl 3}, 
	pages   = {149-170}
}	

% In press article
@inpress{khar,
	author  = {Kharitonov, S A and Barnes, P J}, 
	title   = {Clinical aspects of exhaled nitric oxide},
	journal = {Eur Respir J}, 
	note    = {in press} 
}	

%
% Published abstract
%
@ARTICLE{zvai,
	author  = {Zvaifler, N J and Burger, J A and Marinova-Mutafchieva, 
		   L and Taylor, P and Maini, R N},
	title   = {Mesenchymal cells, stromal derived factor-1 and 
		   rheumatoid arthritis [abstract]},
	journal = {Arthritis Rheum}, 
	year    = {1999},
	volume  = {42}, 
	pages   = {s250},
}	


%
% Article within conference proceedings
%
@Inproceedings{Lydie,
	author    = {Lydie Herfort}, 
	title     = {Zeolites and synthetic mechanisms},
	booktitle = {},
	year      = {2015},
	  editor  = {}, 
	  pages   = {16-27},
	  organization  = {Stoneham: Butterworth-Heinemann}
}	

%%%%%%%%
%  Book chapter, or article within a book
%
@incollection{levi,
	author    = {Jeffery S. Levinton}, 
	title     = {Marin Biology},
	booktitle = {Marine Biology Function, Biodiversity, Ecology}, 
	editor    = {R A Lewin}, 
	publisher = {Oxford University Press},
	pages     = {151-222}, 
	year      = {2001},
	  address = {New York}, 
	  volume  = {2}, 
	  edition = {2nd} 
}	

%%%%%%%%
% Whole issue of journal
%
@wholejournal{pond,
	editor  = {B Ponder and S Johnston and L Chodosh}, 
	title   = {Innovative oncology},
	journal = {Breast Cancer Res}, 
	year  = {1998},
	  volume= {10}, 
	  pages = {1-72}
}	


%%%%%%%%
% Whole conference proceedings
%
@proceedings{smith,
	editor  = {Y Smith}, 
	title   = {Proceedings of the First National Conference
		   on Porous Sieves: 27-30 June 1996; Baltimore},
	year = 1996,
	  address= {Stoneham}, 
	  publisher = {Butterworth-Heinemann},
}	


%%%%%%%%
% Complete book
%
@book{marg,
	author    = {L Margulis}, 
	title     = {Origin of Eukaryotic Cells},
	publisher = {Yale University Press}, 
	year      = {1970},
	address   = {New Haven} 
}



%%%%%%%%
% Monograph or book in series 
%
@incollection{hunn,
	author    = {G W Hunninghake and J E Gadek}, 
	title     = {The alveloar macrophage},
	booktitle = {Cultured Human Cells and Tissues},
	publisher = {Academic Press}, 
	year      = {1995},
  pages      = {54-56},
	  editor   = {T J R Harris}, 
	  address  = {New York}, 
	  note     = {Stoner G (Series Editor): Methods and Perspectives in Cell Biology, vol 1} 
}


%%%%%%%%
% Book with institutional author
@manual{advi,
	  title   = {Annual Report}, 
	    organization  = {Advisory Committee on Genetic Modification}, 
	    address = {London},
	    year    = {1999}
}

%http://www.ecology.com/2011/09/12/important-organism/

%%%%%%%%
% PHD Thesis
%
@phdthesis{koha,
	author = {R Kohavi}, 
	title  = {Wrappers for performance enhancement and
		  obvious decision graphs},
	school = {Stanford University, Computer Science Department},
	year   = {1995}
}
@webpage{sat03site,
	title  = {SATURN Observation Network: Endurance Stations},
	url = {http://www.stccmop.org/datamart}
}

@webpage{ESP,
	title  = {Environmental Sample Processor (ESP)},
	url = {http://www.mbari.org/esp/}
}
@webpage{Frost,
	title  = {How to Interpret Regression Analysis Results: P-values and Coefficients},
    author = {J Frost},
	url = {http://blog.minitab.com/blog/adventures-in-statistics/how-to-interpret-regression-analysis-results-p-values-and-coefficients}
}

@webpage{Vir,
	title  = {Daily Forecasts},
	url={http://www.stccmop.org/datamart/virtualcolumbiariver/forecasts}
}
    
@webpage{phyto,
	title  = {The Most Important Organism?},
    author = {Jack Hall},
	url = {http://www.ecology.com/2011/09/12/important-organism/}
}

@webpage{BloomP,
	title  = {Mesodinium Images},
	url = {http://www.stccmop.org/news/multimedia/images/mesodinium-rubrum}
}
